%YAML 1.1
%TAG !u! tag:unity3d.com,2011:
--- !u!1 &7698754062027561681
GameObject:
  m_ObjectHideFlags: 0
  m_CorrespondingSourceObject: {fileID: 0}
  m_PrefabInstance: {fileID: 0}
  m_PrefabAsset: {fileID: 0}
  serializedVersion: 6
  m_Component:
  - component: {fileID: 7698754062027561685}
  - component: {fileID: 7698754062027561684}
  - component: {fileID: 7698754062027561687}
  - component: {fileID: 7698754062027561686}
  - component: {fileID: 7698754062027561674}
  m_Layer: 0
  m_Name: Mag
  m_TagString: Untagged
  m_Icon: {fileID: 0}
  m_NavMeshLayer: 0
  m_StaticEditorFlags: 0
  m_IsActive: 1
--- !u!4 &7698754062027561685
Transform:
  m_ObjectHideFlags: 0
  m_CorrespondingSourceObject: {fileID: 0}
  m_PrefabInstance: {fileID: 0}
  m_PrefabAsset: {fileID: 0}
  m_GameObject: {fileID: 7698754062027561681}
  m_LocalRotation: {x: -0, y: -0, z: -0, w: 1}
  m_LocalPosition: {x: -3.886, y: -1.8945315, z: 0.9984}
  m_LocalScale: {x: 1.1473179, y: 0.5, z: 0.5802354}
  m_Children:
  - {fileID: 6832616729431315425}
  m_Father: {fileID: 0}
  m_RootOrder: 0
  m_LocalEulerAnglesHint: {x: 0, y: 0, z: 0}
--- !u!33 &7698754062027561684
MeshFilter:
  m_ObjectHideFlags: 0
  m_CorrespondingSourceObject: {fileID: 0}
  m_PrefabInstance: {fileID: 0}
  m_PrefabAsset: {fileID: 0}
  m_GameObject: {fileID: 7698754062027561681}
  m_Mesh: {fileID: 10202, guid: 0000000000000000e000000000000000, type: 0}
--- !u!23 &7698754062027561687
MeshRenderer:
  m_ObjectHideFlags: 0
  m_CorrespondingSourceObject: {fileID: 0}
  m_PrefabInstance: {fileID: 0}
  m_PrefabAsset: {fileID: 0}
  m_GameObject: {fileID: 7698754062027561681}
  m_Enabled: 0
  m_CastShadows: 1
  m_ReceiveShadows: 1
  m_DynamicOccludee: 1
  m_MotionVectors: 1
  m_LightProbeUsage: 1
  m_ReflectionProbeUsage: 1
  m_RayTracingMode: 2
  m_RenderingLayerMask: 1
  m_RendererPriority: 0
  m_Materials:
  - {fileID: 2100000, guid: dbe80190c9adea34c8c8845ca4a17934, type: 2}
  m_StaticBatchInfo:
    firstSubMesh: 0
    subMeshCount: 0
  m_StaticBatchRoot: {fileID: 0}
  m_ProbeAnchor: {fileID: 0}
  m_LightProbeVolumeOverride: {fileID: 0}
  m_ScaleInLightmap: 1
  m_ReceiveGI: 1
  m_PreserveUVs: 0
  m_IgnoreNormalsForChartDetection: 0
  m_ImportantGI: 0
  m_StitchLightmapSeams: 1
  m_SelectedEditorRenderState: 3
  m_MinimumChartSize: 4
  m_AutoUVMaxDistance: 0.5
  m_AutoUVMaxAngle: 89
  m_LightmapParameters: {fileID: 0}
  m_SortingLayerID: 0
  m_SortingLayer: 0
  m_SortingOrder: 0
--- !u!65 &7698754062027561686
BoxCollider:
  m_ObjectHideFlags: 0
  m_CorrespondingSourceObject: {fileID: 0}
  m_PrefabInstance: {fileID: 0}
  m_PrefabAsset: {fileID: 0}
  m_GameObject: {fileID: 7698754062027561681}
  m_Material: {fileID: 0}
  m_IsTrigger: 1
  m_Enabled: 1
  serializedVersion: 2
  m_Size: {x: 1, y: 1, z: 1}
  m_Center: {x: 0, y: 0, z: 0}
--- !u!114 &7698754062027561674
MonoBehaviour:
  m_ObjectHideFlags: 0
  m_CorrespondingSourceObject: {fileID: 0}
  m_PrefabInstance: {fileID: 0}
  m_PrefabAsset: {fileID: 0}
  m_GameObject: {fileID: 7698754062027561681}
  m_Enabled: 1
  m_EditorHideFlags: 0
  m_Script: {fileID: 11500000, guid: 923c1b47195ffbf4486cbe3b4f573fad, type: 3}
  m_Name: 
  m_EditorClassIdentifier: 
  fakeAmmoClip: {fileID: 7698754062027561681}
  ammoPickupSound: {fileID: 0}
--- !u!1001 &6832616729431181665
PrefabInstance:
  m_ObjectHideFlags: 0
  serializedVersion: 2
  m_Modification:
    m_TransformParent: {fileID: 7698754062027561685}
    m_Modifications:
    - target: {fileID: 100000, guid: 2b858557e2e59a748a2c7606a9052648, type: 3}
      propertyPath: m_Name
      value: HandLight
      objectReference: {fileID: 0}
    - target: {fileID: 400000, guid: 2b858557e2e59a748a2c7606a9052648, type: 3}
      propertyPath: m_RootOrder
      value: 0
      objectReference: {fileID: 0}
    - target: {fileID: 400000, guid: 2b858557e2e59a748a2c7606a9052648, type: 3}
      propertyPath: m_LocalScale.x
      value: 0.22475572
      objectReference: {fileID: 0}
    - target: {fileID: 400000, guid: 2b858557e2e59a748a2c7606a9052648, type: 3}
      propertyPath: m_LocalScale.y
      value: 0.66069996
      objectReference: {fileID: 0}
    - target: {fileID: 400000, guid: 2b858557e2e59a748a2c7606a9052648, type: 3}
      propertyPath: m_LocalScale.z
      value: 0.5501694
      objectReference: {fileID: 0}
    - target: {fileID: 400000, guid: 2b858557e2e59a748a2c7606a9052648, type: 3}
      propertyPath: m_LocalPosition.x
      value: 0.029165
      objectReference: {fileID: 0}
    - target: {fileID: 400000, guid: 2b858557e2e59a748a2c7606a9052648, type: 3}
      propertyPath: m_LocalPosition.y
      value: 0
      objectReference: {fileID: 0}
    - target: {fileID: 400000, guid: 2b858557e2e59a748a2c7606a9052648, type: 3}
      propertyPath: m_LocalPosition.z
      value: 0.0167
      objectReference: {fileID: 0}
    - target: {fileID: 400000, guid: 2b858557e2e59a748a2c7606a9052648, type: 3}
      propertyPath: m_LocalRotation.w
      value: 1
      objectReference: {fileID: 0}
    - target: {fileID: 400000, guid: 2b858557e2e59a748a2c7606a9052648, type: 3}
      propertyPath: m_LocalRotation.x
      value: 0
      objectReference: {fileID: 0}
    - target: {fileID: 400000, guid: 2b858557e2e59a748a2c7606a9052648, type: 3}
      propertyPath: m_LocalRotation.y
      value: -0
      objectReference: {fileID: 0}
    - target: {fileID: 400000, guid: 2b858557e2e59a748a2c7606a9052648, type: 3}
      propertyPath: m_LocalRotation.z
      value: -0
      objectReference: {fileID: 0}
    - target: {fileID: 400000, guid: 2b858557e2e59a748a2c7606a9052648, type: 3}
      propertyPath: m_LocalEulerAnglesHint.x
      value: 0
      objectReference: {fileID: 0}
    - target: {fileID: 400000, guid: 2b858557e2e59a748a2c7606a9052648, type: 3}
      propertyPath: m_LocalEulerAnglesHint.y
      value: 0
      objectReference: {fileID: 0}
    - target: {fileID: 400000, guid: 2b858557e2e59a748a2c7606a9052648, type: 3}
      propertyPath: m_LocalEulerAnglesHint.z
      value: 0
      objectReference: {fileID: 0}
    m_RemovedComponents: []
  m_SourcePrefab: {fileID: 100100000, guid: 2b858557e2e59a748a2c7606a9052648, type: 3}
--- !u!4 &6832616729431315425 stripped
Transform:
  m_CorrespondingSourceObject: {fileID: 400000, guid: 2b858557e2e59a748a2c7606a9052648,
    type: 3}
  m_PrefabInstance: {fileID: 6832616729431181665}
  m_PrefabAsset: {fileID: 0}
